@article{kumar2019stabilizing,
  title={Stabilizing off-policy q-learning via bootstrapping error reduction},
  author={Kumar, Aviral and Fu, Justin and Soh, Matthew and Tucker, George and Levine, Sergey},
  journal={Advances in Neural Information Processing Systems},
  volume={32},
  year={2019}
}


@inproceedings{sabatelli2020deep,
  title={The deep quality-value family of deep reinforcement learning algorithms},
  author={Sabatelli, Matthia and Louppe, Gilles and Geurts, Pierre and Wiering, Marco A},
  booktitle={2020 International Joint Conference on Neural Networks (IJCNN)},
  pages={1--8},
  year={2020},
  organization={IEEE}
}

@inproceedings{van2016deep,
  title={Deep reinforcement learning with double q-learning},
  author={Van Hasselt, Hado and Guez, Arthur and Silver, David},
  booktitle={Proceedings of the AAAI conference on artificial intelligence},
  volume={30},
  number={1},
  year={2016}
}

@inproceedings{anschel2017averaged,
  title={Averaged-dqn: Variance reduction and stabilization for deep reinforcement learning},
  author={Anschel, Oron and Baram, Nir and Shimkin, Nahum},
  booktitle={International conference on machine learning},
  pages={176--185},
  year={2017},
  organization={PMLR}
}

@inproceedings{fujimoto2019off,
  title={Off-policy deep reinforcement learning without exploration},
  author={Fujimoto, Scott and Meger, David and Precup, Doina},
  booktitle={International conference on machine learning},
  pages={2052--2062},
  year={2019},
  organization={PMLR}
}


@inproceedings{agarwal2020optimistic,
  title={An optimistic perspective on offline reinforcement learning},
  author={Agarwal, Rishabh and Schuurmans, Dale and Norouzi, Mohammad},
  booktitle={International Conference on Machine Learning},
  pages={104--114},
  year={2020},
  organization={PMLR}
}

@article{mnih2013playing,
  title={Playing atari with deep reinforcement learning},
  author={Mnih, Volodymyr and Kavukcuoglu, Koray and Silver, David and Graves, Alex and Antonoglou, Ioannis and Wierstra, Daan and Riedmiller, Martin},
  journal={arXiv preprint arXiv:1312.5602},
  year={2013}
}

@article{castro18dopamine,
  author    = {Pablo Samuel Castro and
	       Subhodeep Moitra and
	       Carles Gelada and
	       Saurabh Kumar and
	       Marc G. Bellemare},
  title     = {Dopamine: {A} {R}esearch {F}ramework for {D}eep {R}einforcement {L}earning},
  year      = {2018},
  url       = {http://arxiv.org/abs/1812.06110},
  archivePrefix = {arXiv}
}
