@article{levine2020offline,
  title={Offline reinforcement learning: Tutorial, review, and perspectives on open problems},
  author={Levine, Sergey and Kumar, Aviral and Tucker, George and Fu, Justin},
  journal={arXiv preprint arXiv:2005.01643},
  year={2020}
}

@inproceedings{agarwal2020optimistic,
  title={An optimistic perspective on offline reinforcement learning},
  author={Agarwal, Rishabh and Schuurmans, Dale and Norouzi, Mohammad},
  booktitle={International Conference on Machine Learning},
  pages={104--114},
  year={2020},
  organization={PMLR}
}

@article{kalashnikov2018qt,
  title={Qt-opt: Scalable deep reinforcement learning for vision-based robotic manipulation (2018)},
  author={Kalashnikov, D and Irpan, A and Pastor, P and Ibarz, J and Herzog, A and Jang, E and Quillen, D and Holly, E and Kalakrishnan, M and Vanhoucke, V and others},
  journal={arXiv preprint arXiv:1806.10293},
  year={2018}
}

@article{schaul2015prioritized,
  title={Prioritized experience replay},
  author={Schaul, Tom and Quan, John and Antonoglou, Ioannis and Silver, David},
  journal={arXiv preprint arXiv:1511.05952},
  year={2015}
}
