@article{zhang2017deeper,
  title={A deeper look at experience replay},
  author={Zhang, Shangtong and Sutton, Richard S},
  journal={arXiv preprint arXiv:1712.01275},
  year={2017}
}

@article{lin1992self,
  title={Self-improving reactive agents based on reinforcement learning, planning and teaching},
  author={Lin, Long-Ji},
  journal={Machine learning},
  volume={8},
  number={3-4},
  pages={293--321},
  year={1992},
  publisher={Springer}
}

@inproceedings{sabatelli2020deep,
  title={The deep quality-value family of deep reinforcement learning algorithms},
  author={Sabatelli, Matthia and Louppe, Gilles and Geurts, Pierre and Wiering, Marco A},
  booktitle={2020 International Joint Conference on Neural Networks (IJCNN)},
  pages={1--8},
  year={2020},
  organization={IEEE}
}

@article{schaul2015prioritized,
  title={Prioritized experience replay},
  author={Schaul, Tom and Quan, John and Antonoglou, Ioannis and Silver, David},
  journal={arXiv preprint arXiv:1511.05952},
  year={2015}
}

@inproceedings{fedus2020revisiting,
  title={Revisiting fundamentals of experience replay},
  author={Fedus, William and Ramachandran, Prajit and Agarwal, Rishabh and Bengio, Yoshua and Larochelle, Hugo and Rowland, Mark and Dabney, Will},
  booktitle={International Conference on Machine Learning},
  pages={3061--3071},
  year={2020},
  organization={PMLR}
}